<record><leader>00000cas a22000007a 4500</leader><controlfield tag="001">17736188</controlfield><controlfield tag="008">880405d19721975ohuwr n       0    0eng d</controlfield><datafield ind1=" " ind2=" " tag="010"><subfield code="a">sn 88078414 </subfield></datafield><datafield ind1=" " ind2=" " tag="040"><subfield code="a">ONP</subfield><subfield code="b">eng</subfield><subfield code="c">ONP</subfield><subfield code="d">OCLCQ</subfield></datafield><datafield ind1=" " ind2=" " tag="042"><subfield code="a">msc</subfield></datafield><datafield ind1="0" ind2=" " tag="130"><subfield code="a">Journal (Garrettsville, Ohio)</subfield></datafield><datafield ind1="1" ind2="4" tag="245"><subfield code="a">The Journal.</subfield></datafield><datafield ind1=" " ind2=" " tag="260"><subfield code="a">Garrettsville, Ohio :</subfield><subfield code="b">Harry Smythe,</subfield><subfield code="c">1972-1975.</subfield></datafield><datafield ind1=" " ind2=" " tag="300"><subfield code="a">v.</subfield></datafield><datafield ind1=" " ind2=" " tag="310"><subfield code="a">Weekly</subfield></datafield><datafield ind1="0" ind2=" " tag="362"><subfield code="a">Vol. 105, no. 46 (Nov. 15, 1972)-v. 108, no. 22 (May 28, 1975).</subfield></datafield><datafield ind1=" " ind2="4" tag="651"><subfield code="a">Garrettsville (Ohio)</subfield><subfield code="v">Newspapers.</subfield></datafield><datafield ind1=" " ind2="4" tag="651"><subfield code="a">Portage County (Ohio)</subfield><subfield code="v">Newspapers.</subfield></datafield><datafield ind1=" " ind2=" " tag="752"><subfield code="a">United States</subfield><subfield code="b">Ohio</subfield><subfield code="c">Portage</subfield><subfield code="d">Garrettsville.</subfield></datafield><datafield ind1="0" ind2="0" tag="780"><subfield code="t">Garrettsville journal (Garrettsville, Ohio : 1867)</subfield><subfield code="w">(DLC)sn 84028026</subfield></datafield></record>